/home/thiago/Sync/projects/wiki/research/bib-database.bib